@article{Bouton:1901,
  Title     = {Nim, a game with a complete mathematical theory},
  Author    = {Bouton, Charles L},
  Journal   = {The Annals of Mathematics},
  Volume    = {3},
  Number    = {1/4},
  Pages     = {35--39},
  Year      = {1901},
  Publisher = {JSTOR}
}

@book{Allis:1988,
  Title     = {A knowledge-based approach of connect-four},
  Author    = {Allis, Louis Victor},
  Year      = {1988},
  Publisher = {Vrije Universiteit, Subfaculteit Wiskunde en Informatica}
}

@techreport{Brugmann:1993,
  Title     = {Monte carlo go},
  Author    = {Br{\"u}gmann, Bernd},
  Year      = {1993},
  Institution = {Citeseer}
}

@Misc{Ludus:2014,
  author       = {Ludus},
  title        = {Regras do Sesqui},
  howpublished = {http://ludicum.org/jogos/abstr/sesqui/regras-do-sesqui/view},
  year         = {2014},
  url          = {http://ludicum.org/jogos/abstr/sesqui/regras-do-sesqui/view}
}

@Misc{Ludus:2014b,
  author       = {Ludus},
  title        = {Livro de Regras dos Jogos do CNJM11},
  howpublished = {http://ludicum.org/cnjm/2014-2015-cnjm11/livro-de-regras-dos-jogos-do-cnjm11/view},
  year         = {2014},
  url          = {http://ludicum.org/cnjm/2014-2015-cnjm11/livro-de-regras-dos-jogos-do-cnjm11/view}
}

@Misc{Dutra:2015,
  author       = {Inês Dutra},
  title        = {Jogos com Oponentes},
  howpublished = {http://www.dcc.fc.up.pt/\~ines/aulas/1415/IA/jogos.pdf},
  year         = {2015},
  url          = {http://www.dcc.fc.up.pt/~ines/aulas/1415/IA/jogos.pdf}
}

@Misc{Dutra:2015b,
  author       = {Inês Dutra},
  title        = {Estratégias de Busca},
  howpublished = {http://www.dcc.fc.up.pt/\~ines/aulas/1415/IA/informados.pdf},
  year         = {2015},
  url          = {http://www.dcc.fc.up.pt/~ines/aulas/1415/IA/informados.pdf}
}

@Misc{MCTSHub,
  author       = {Monte Carlo Tree Search research hub},
  title        = {Monte Carlo Tree Search Code},
  howpublished = {http://mcts.ai/code/index.html},
  url          = {http://mcts.ai/code/index.html}
}

@article{Culberson:1996,
  title        = {Searching with Pattern Databases},
  author       = {Joseph C. Culberson and Jonathan Schaeffer},
  journal      = {Advances in Artificial Intelligence},
  volume       = {11},
  pages        = {402-416},
  year         = {1996},
  publisher    = {Springer}
}

@book{Russell:AI:2003,
 author = {Russell, Stuart J. and Norvig, Peter},
 title = {Artificial Intelligence: A Modern Approach},
 year = {2003},
 isbn = {0137903952},
 edition = {2},
 publisher = {Pearson Education},
}

@article{Kozelek:2009,
  title = {Methods of MCTS and the game Arimaa},
  author = {Kozelek, Tomas},
  journal = {Charles University, Prague, Faculty of Mathematics and Physics},
  year = {2009}
}

@article{Rubin:2011,
  title = {Computer poker: A review},
  author = {Rubin, Jonathan and Watson, Ian},
  journal = {Artificial Intelligence},
  volume = {175},
  number = {5},
  pages = {958--987},
  year = {2011},
  publisher = {Elsevier}
}

@article{Arneson:2009,
  title = {Mohex wins hex tournament},
  author = {Arneson, Broderick and Hayward, Ryan and Henderson, Philip},
  journal = {ICGA journal},
  volume = {32},
  number = {2},
  pages = {114},
  year = {2009}
}

@incollection{Kocsis:2006,
  title = {Bandit based monte-carlo planning},
  author = {Kocsis, Levente and Szepesv{\'a}ri, Csaba},
  booktitle = {Machine Learning: ECML 2006},
  pages = {282--293},
  year = {2006},
  publisher = {Springer}
}

@article{Jakl:2011,
  title = {Arimaa challenge--Comparission study of MCTS versus alpha-beta methods},
  author = {Jakl, Tom{\'a}{\v{s}} and Jakl, Tom{\'a}{\v{s}}},
  journal = {Memory},
  volume = {37},
  pages = {37--5},
  year = {2011}
}

@inproceedings{Winands:2011,
  title = {$\alpha$$\beta$-based play-outs in Monte-Carlo tree search},
  author = {Winands, Mark HM and Bjornsson, Y},
  booktitle = {Computational Intelligence and Games (CIG), 2011 IEEE Conference on},
  pages = {110--117},
  year = {2011},
  organization = {IEEE}
}
